/home/bbencina/.config/latex/sources/uni.bib